@book{censo2010,
title = {IBGE: Censo Demográfico 2010—Características gerais da população, religião e pessoas com deficiência. Instituto Brasileiro de Geografia e Estatística, Ministério do Planejamento, Orçamento e Gestão e Instituto Brasileiro de Geografia e Estatística, Rio de Janeiro, Brasil (2010)}
}

@inbook{translatology,
author = {Kruger, Jan-Louis and Soto-Sanfiel, María and Doherty, Stephen and Ibrahim, Ronny},
year = {2016},
month = {11},
pages = {171-194},
title = {Towards a cognitive audiovisual translatology: subtitles and embodied cognition},
isbn = {9789027266347},
doi = {10.1075/btl.128.09kru}
}



@article{
	murphy-berman_impact_1983,
	title = {The {Impact} of {Captions} {On} {Hearing}-{Impaired} {Children}'s {Affective} {Reactions} {To} {Television}},
	volume = {17},
	issn = {0022-4669, 1538-4764},
	url = {http://journals.sagepub.com/doi/10.1177/002246698301700107},
	doi = {10.1177/002246698301700107},
	language = {en},
	number = {1},
	journal = {The Journal of Special Education},
	author = {Murphy-Berman, Virginia and Whobrey, Linda},
	month = apr,
	year = {1983},
	pages = {47--62},
}




@article{
	fiske_video_2015,
	title = {Video {Captions} {Benefit} {Everyone}},
	volume = {2},
	issn = {2372-7322, 2372-7330},
	url = {http://journals.sagepub.com/doi/10.1177/2372732215602130},
	doi = {10.1177/2372732215602130},
	language = {en},
	number = {1},
	urldate = {2018-07-28},
	journal = {Policy Insights from the Behavioral and Brain Sciences},
	author = {Gernsbacher, Morton Ann},
	editor = {Fiske, Susan T.},
	month = 10,
	year = {2015},
	pages = {195--202},
}